
@misc{Metclafe,
  author = {Robert Metcalfe},
  title = {Metcalfe's law},
  year = 1980,
howpublished = "\url{http://en.wikipedia.org/wiki/Metcalfe's_law}"}

@misc{Ashton,
  author = {Kevin Ashton},
  title = {That 'Internet of Things' Thing},
  year = 2009,
howpublished = "\url{http://www.rfidjournal.com/articles/view?4986}"}


@inproceedings{Atzori,
  author    = {Michele Nitti and
               Roberto Girau and
               Luigi Atzori and
               Antonio Iera and
               Giacomo Morabito},
  title     = {A subjective model for trustworthiness evaluation in the social Internet
               of Things},
  booktitle = {23rd {IEEE} International Symposium on Personal, Indoor and Mobile
               Radio Communications, {PIMRC} 2012, Sydney, Australia, September 9-12,
               2012},
  pages     = {18--23},
  year      = {2012},
  url       = {http://dx.doi.org/10.1109/PIMRC.2012.6362662},
  doi       = {10.1109/PIMRC.2012.6362662},
  timestamp = {Thu, 06 Dec 2012 15:51:53 +0100},
  biburl    = {http://dblp.uni-trier.de/rec/bib/conf/pimrc/NittiGAIM12},
  bibsource = {dblp computer science bibliography, http://dblp.org}
}

@inproceedings{Orfeas2,
  author    = {Orfefs Voutyras and
               Panagiotis Bourelos and
               Spyridon V. Gogouvitis and
               Dimosthenis Kyriazis and
               Theodora A. Varvarigou},
  title     = {Social monitoring and social analysis in internet of things virtual
               networks},
  booktitle = {18th International Conference on Intelligence in Next Generation Networks,
               {ICIN} 2015, Paris, France, February 17-19, 2015},
  pages     = {244--251},
  year      = {2015},
  url       = {http://dx.doi.org/10.1109/ICIN.2015.7073838},
  doi       = {10.1109/ICIN.2015.7073838},
  timestamp = {Thu, 09 Apr 2015 17:19:56 +0200},
  biburl    = {http://dblp.uni-trier.de/rec/bib/conf/icin/VoutyrasBGKV15},
  bibsource = {dblp computer science bibliography, http://dblp.org}
}

@inproceedings{Orfeas1,
  author    = {Orfefs Voutyras and
               Panagiotis Bourelos and
               Dimosthenis Kyriazis and
               Theodora A. Varvarigou},
  title     = {An architecture supporting knowledge flow in Social Internet of Things
               systems},
  booktitle = {{IEEE} 10th International Conference on Wireless and Mobile Computing,
               Networking and Communications, WiMob 2014, Larnaca, Cyprus, October
               8-10, 2014},
  pages     = {100--105},
  year      = {2014},
  url       = {http://dx.doi.org/10.1109/WiMOB.2014.6962156},
  doi       = {10.1109/WiMOB.2014.6962156},
  timestamp = {Thu, 08 Jan 2015 19:30:48 +0100},
  biburl    = {http://dblp.uni-trier.de/rec/bib/conf/wimob/VoutyrasBKV14},
  bibsource = {dblp computer science bibliography, http://dblp.org}
}

@article{Resnick,
 author = {Resnick, Paul and Kuwabara, Ko and Zeckhauser, Richard and Friedman, Eric},
 title = {Reputation Systems},
 journal = {Commun. ACM},
 issue_date = {Dec. 2000},
 volume = {43},
 number = {12},
 month = dec,
 year = {2000},
 issn = {0001-0782},
 pages = {45--48},
 numpages = {4},
 url = {http://doi.acm.org/10.1145/355112.355122},
 doi = {10.1145/355112.355122},
 acmid = {355122},
 publisher = {ACM},
 address = {New York, NY, USA},
} 

@MISC{pagerank,
    author = {Lawrence Page and Sergey Brin and Rajeev Motwani and Terry Winograd},
    title = {The PageRank Citation Ranking: Bringing Order to the Web},
    year = {1999}
}

@article{BTRM,
title = "An Enhanced Bio-inspired Trust and Reputation Model for Wireless Sensor Network ",
journal = "Procedia Computer Science ",
volume = "19",
number = "0",
pages = "1159 - 1166",
year = "2013",
note = "The 4th International Conference on Ambient Systems, Networks and Technologies (ANT 2013), the 3rd International Conference on Sustainable Energy Information Technology (SEIT-2013) ",
issn = "1877-0509",
doi = "http://dx.doi.org/10.1016/j.procs.2013.06.165",
url = "http://www.sciencedirect.com/science/article/pii/S1877050913007734",
author = "Hosein Marzi and Mengdu Li",
keywords = "Wireless sensor network",
keywords = "Security",
keywords = "Trust and reputation system",
keywords = "Client sensors",
keywords = "server sensors",
keywords = "Bio-inspired Trust and Reputation System (BTRM-WSN)",
keywords = "Peer Trust System",
keywords = "Enhance Bio-inspired Trust and Reputation System (EBTRM)",
keywords = "Accuracy",
keywords = "Security level",
keywords = "Path length",
keywords = "Energy efficiency. "
}

@article{LFTM,
 author = {G\&\#x00f3;mez M\&\#x00e1;rmol, F\&\#x00e9;lix and Mar\&\#x00ed;n-Bl\&\#x00e1;zquez, Javier G. and Mart\&\#x00ed;nez P\&\#x00e9;rez, Gregorio},
 title = {LFTM, Linguistic Fuzzy Trust Mechanism for Distributed Networks},
 journal = {Concurr. Comput. : Pract. Exper.},
 issue_date = {December 2012},
 volume = {24},
 number = {17},
 month = dec,
 year = {2012},
 issn = {1532-0626},
 pages = {2007--2027},
 numpages = {21},
 url = {http://dx.doi.org/10.1002/cpe.1825},
 doi = {10.1002/cpe.1825},
 acmid = {2389740},
 publisher = {John Wiley and Sons Ltd.},
 address = {Chichester, UK},
 keywords = {Linguistic fuzzy models, trust management, wireless networks},
} 

@article{PeerTrust,
 author = {Xiong, Li and Liu, Ling},
 title = {PeerTrust: Supporting Reputation-Based Trust for Peer-to-Peer Electronic Communities},
 journal = {IEEE Trans. on Knowl. and Data Eng.},
 issue_date = {July 2004},
 volume = {16},
 number = {7},
 month = jul,
 year = {2004},
 issn = {1041-4347},
 pages = {843--857},
 numpages = {15},
 url = {http://dx.doi.org/10.1109/TKDE.2004.1318566},
 doi = {10.1109/TKDE.2004.1318566},
 acmid = {998601},
 publisher = {IEEE Educational Activities Department},
 address = {Piscataway, NJ, USA},
 keywords = {Peer-to-peer, trust, reputation mechanisms, data management, security.},
} 

@book{Dorigo,
 author = {Dorigo, Marco and St\"{u}tzle, Thomas},
 title = {Ant Colony Optimization},
 year = {2004},
 isbn = {0262042193},
 publisher = {Bradford Company},
 address = {Scituate, MA, USA},
} 

@article{GomezMarmol,
 author = {G\'{o}mez M\'{a}rmol, F{\'e}lix and Mart\'{\i}nez P{\'e}rez, Gregorio},
 title = {Towards Pre-standardization of Trust and Reputation Models for Distributed and Heterogeneous Systems},
 journal = {Comput. Stand. Interfaces},
 issue_date = {June, 2010},
 volume = {32},
 number = {4},
 month = jun,
 year = {2010},
 issn = {0920-5489},
 pages = {185--196},
 numpages = {12},
 url = {http://dx.doi.org/10.1016/j.csi.2010.01.003},
 doi = {10.1016/j.csi.2010.01.003},
 acmid = {1767679},
 publisher = {Elsevier Science Publishers B. V.},
 address = {Amsterdam, The Netherlands, The Netherlands},
 keywords = {Trust and reputation management, Trust and reputation models taxonomy, Trust and reputation standardization},
} 

@inproceedings{TRMSim,
 author = {M\'{a}rmol, F{\'e}lix G\'{o}mez and P{\'e}rez, Gregorio Mart\'{\i}nez},
 title = {TRMSim-WSN, Trust and Reputation Models Simulator for Wireless Sensor Networks},
 booktitle = {Proceedings of the 2009 IEEE International Conference on Communications},
 series = {ICC'09},
 year = {2009},
 isbn = {978-1-4244-3434-3},
 location = {Dresden, Germany},
 pages = {915--919},
 numpages = {5},
 url = {http://dl.acm.org/citation.cfm?id=1817271.1817442},
 acmid = {1817442},
 publisher = {IEEE Press},
 address = {Piscataway, NJ, USA},
} 

@article{PowerTrust,
 author = {Zhou, Runfang and Hwang, Kai},
 title = {PowerTrust: A Robust and Scalable Reputation System for Trusted Peer-to-Peer Computing},
 journal = {IEEE Trans. Parallel Distrib. Syst.},
 issue_date = {April 2007},
 volume = {18},
 number = {4},
 month = apr,
 year = {2007},
 issn = {1045-9219},
 pages = {460--473},
 numpages = {14},
 url = {http://dx.doi.org/10.1109/TPDS.2007.1021},
 doi = {10.1109/TPDS.2007.1021},
 acmid = {1263221},
 publisher = {IEEE Press},
 address = {Piscataway, NJ, USA},
 keywords = {P2P Grids, PSA benchmark, Peer-to-Peer system, Peer-to-Peer system, overlay network, distributed hash table, reputation system, eBay trace data set, distributed file sharing, P2P Grids, PSA benchmark, system scalability., distributed file sharing, distributed hash table, eBay trace data set, overlay network, reputation system, system scalability.},
} 

@inproceedings{EigenTrust,
 author = {Kamvar, Sepandar D. and Schlosser, Mario T. and Garcia-Molina, Hector},
 title = {The Eigentrust Algorithm for Reputation Management in P2P Networks},
 booktitle = {Proceedings of the 12th International Conference on World Wide Web},
 series = {WWW '03},
 year = {2003},
 isbn = {1-58113-680-3},
 location = {Budapest, Hungary},
 pages = {640--651},
 numpages = {12},
 url = {http://doi.acm.org/10.1145/775152.775242},
 doi = {10.1145/775152.775242},
 acmid = {775242},
 publisher = {ACM},
 address = {New York, NY, USA},
 keywords = {distributed eigenvector computation, peer-to-peer, reputation},
} 

@MISC{amazon,
    author = {Jay Schneider and Gerd Kortuem and Joe Jager and Steve Fickas and Zary Segall},
    title = {Disseminating Trust Information in Wearable Communities},
    year = {2000}
}

@incollection{e-bay,
  added-at = {2014-11-20T12:13:56.000+0100},
  author = {Resnick, Paul and Zeckhauser, Richard},
  biburl = {http://www.bibsonomy.org/bibtex/2a7a7f7d6ad0149954bff1d5f2c98ec1e/rlipp},
  booktitle = {The Economics of the Internet an E-Commerce},
  editor = {Baye, Michael},
  file = {[PDF] von washington.edu:C\:\\Users\\ba7mu1\\AppData\\Roaming\\Mozilla\\Firefox\\Profiles\\vugbsr9h.default\\zotero\\storage\\9RJGDSF6\\Resnick und Zeckhauser - 2002 - Trust among strangers in Internet transactions Em.pdf:application/pdf;Snapshot:C\:\\Users\\ba7mu1\\AppData\\Roaming\\Mozilla\\Firefox\\Profiles\\vugbsr9h.default\\zotero\\storage\\8ZV79KKH\\Resnick und Zeckhauser - 2002 - Trust among strangers in Internet transactions Em.html:text/html},
  interhash = {461c49eb541502be6d6734b8a4b8492d},
  intrahash = {a7a7f7d6ad0149954bff1d5f2c98ec1e},
  keywords = {imported},
  series = {Advances in Applied Microeconomics},
  shorttitle = {Trust among strangers in Internet transactions},
  timestamp = {2014-11-20T12:13:56.000+0100},
  title = {Trust among Strangers in Internet Transactions: Empirical analysis of {eBay}'s reputation system},
  volume = 11,
  year = 2002
}


@article{Manchala,
year={1998},
issn={0138-9130},
journal={Scientometrics},
volume={43},
number={1},
doi={10.1007/BF02458398},
title={Productivity of research groups-relation between citation analysis and reputation within research communities},
url={http://dx.doi.org/10.1007/BF02458398},
publisher={Kluwer Academic Publishers},
author={Makino, Junichiro},
pages={87-93},
language={English}
}

@article{Sabater2,
 author = {Sabater, Jordi and Sierra, Carles},
 title = {Social ReGreT, a Reputation Model Based on Social Relations},
 journal = {SIGecom Exch.},
 issue_date = {Winter, 2002},
 volume = {3},
 number = {1},
 month = dec,
 year = {2001},
 issn = {1551-9031},
 pages = {44--56},
 numpages = {13},
 url = {http://doi.acm.org/10.1145/844331.844337},
 doi = {10.1145/844331.844337},
 acmid = {844337},
 publisher = {ACM},
 address = {New York, NY, USA},
} 

@inproceedings{Sabater,
 author = {Sabater, Jordi and Sierra, Carles},
 title = {REGRET: Reputation in Gregarious Societies},
 booktitle = {Proceedings of the Fifth International Conference on Autonomous Agents},
 series = {AGENTS '01},
 year = {2001},
 isbn = {1-58113-326-X},
 location = {Montreal, Quebec, Canada},
 pages = {194--195},
 numpages = {2},
 url = {http://doi.acm.org/10.1145/375735.376110},
 doi = {10.1145/375735.376110},
 acmid = {376110},
 publisher = {ACM},
 address = {New York, NY, USA},
} 

@inproceedings{Abdul-Rahman,
 author = {Abdul-Rahman, Alfarez and Hailes, Stephen},
 title = {Supporting Trust in Virtual Communities},
 booktitle = {Proceedings of the 33rd Hawaii International Conference on System Sciences-Volume 6 - Volume 6},
 series = {HICSS '00},
 year = {2000},
 isbn = {0-7695-0493-0},
 pages = {6007--},
 url = {http://dl.acm.org/citation.cfm?id=820262.820322},
 acmid = {820322},
 publisher = {IEEE Computer Society},
 address = {Washington, DC, USA},
} 

@inproceedings{Josang02,
    author = {Audun Jøsang and Roslan Ismail},
    title = {The beta reputation system},
    booktitle = {In Proceedings of the 15th Bled Conference on Electronic Commerce},
    year = {2002}
}

@misc{Mui,
    author = {Lik Mui and Mojdeh Mohtashemi and Cheewee Ang and Peter Szolovits and Ari Halberstadt},
    title = {Ratings in Distributed Systems: A Bayesian Approach},
    year = {2001}
}

@inproceedings{Whitby,
    author = {Andrew Whitby and Audun Jøsang and Jadwiga Indulska},
    title = {Filtering Out Unfair Ratings in Bayesian Reputation Systems},
    booktitle = {},
    year = {2004}
}

@article{Cahill,
 author = {Cahill, Vinny and Gray, Elizabeth and Seigneur, Jean-Marc and Jensen, Christian D. and Chen, Yong and Shand, Brian and Dimmock, Nathan and Twigg, Andy and Bacon, Jean and English, Colin and Wagealla, Waleed and Terzis, Sotirios and Nixon, Paddy and Serugendo, Giovanna di Marzo and Bryce, Ciaran and Carbone, Marco and Krukow, Karl and Nielsen, Mogens},
 title = {Using Trust for Secure Collaboration in Uncertain Environments},
 journal = {IEEE Pervasive Computing},
 issue_date = {July 2003},
 volume = {2},
 number = {3},
 month = jul,
 year = {2003},
 issn = {1536-1268},
 pages = {52--61},
 numpages = {10},
 url = {http://dx.doi.org/10.1109/MPRV.2003.1228527},
 doi = {10.1109/MPRV.2003.1228527},
 acmid = {1437531},
 publisher = {IEEE Educational Activities Department},
 address = {Piscataway, NJ, USA},
 keywords = {computer security, trust, risk, authentication},
} 

@techreport{Mcknight,
    author = {D. Harrison Mcknight and Norman L. Chervany},
    title = {The Meanings of Trust},
    institution = {},
    year = {1996}
}


@inproceedings{Gambetta,
    author = {Diego Gambetta},
    title = {Can We Trust Trust?},
    booktitle = {Trust: Making and Breaking Cooperative Relations},
    year = {1988},
    pages = {213--237},
    publisher = {Basil Blackwell}
}

@article{Josang,
 author = {J{\o}sang, Audun and Ismail, Roslan and Boyd, Colin},
 title = {A Survey of Trust and Reputation Systems for Online Service Provision},
 journal = {Decis. Support Syst.},
 issue_date = {March, 2007},
 volume = {43},
 number = {2},
 month = mar,
 year = {2007},
 issn = {0167-9236},
 pages = {618--644},
 numpages = {27},
 url = {http://dx.doi.org/10.1016/j.dss.2005.05.019},
 doi = {10.1016/j.dss.2005.05.019},
 acmid = {1225716},
 publisher = {Elsevier Science Publishers B. V.},
 address = {Amsterdam, The Netherlands, The Netherlands},
 keywords = {Collaboration, Decision, E-commerce, Reputation, Security, Transitivity, Trust},
} 

================================================================================

BiBTeX Entries:

article{,
	author    = {},
	title     = {{}},
	journal   = {},
	year      = {},
	month     = {},
	volume    = {},
	number    = {},
	pages     = {},
	publisher = {},
}

inproceedings{,
	author       = {},
	title        = {{}},
	booktitle    = {},
	year         = {},
	month        = {},
	pages        = {},
	location     = {},
	organization = {},
	series       = {},
	volume       = {},
	publisher    = {},
}

incollection{,
	author    = {},
	title     = {{}},
	booktitle = {},
	series    = {},
	volume    = {},
	pages     = {},
	year      = {},
	month     = {},
	editor    = {},
	publisher = {},
}

misc{,
  author = {},
  title = {},
  year = ,
	howpublished = "\url{}"}

book:
* author or editor, title, publisher, year
volume or number, series, address, edition, month, note
misc:
* none
author, title, howpublished, month, year, note
phdthesis:
* author, title, school, year
type, address, month, note

